<record><leader>00000cas a2200000 a 4500</leader><controlfield tag="001">11312791</controlfield><controlfield tag="008">841026d18861888ksuwr ne      0   a0eng d</controlfield><datafield ind1=" " ind2=" " tag="010"><subfield code="a">sn 84030225 </subfield></datafield><datafield ind1=" " ind2=" " tag="040"><subfield code="a">KSH</subfield><subfield code="b">eng</subfield><subfield code="c">KSH</subfield><subfield code="d">NPT</subfield><subfield code="d">OCL</subfield><subfield code="d">OCLCQ</subfield></datafield><datafield ind1=" " ind2=" " tag="042"><subfield code="a">msc</subfield></datafield><datafield ind1="0" ind2="0" tag="245"><subfield code="a">Greeley County gazette.</subfield></datafield><datafield ind1=" " ind2=" " tag="260"><subfield code="a">Greeley Center, Kan. :</subfield><subfield code="b">Wible Bros.,</subfield><subfield code="c">1886-1888.</subfield></datafield><datafield ind1=" " ind2=" " tag="300"><subfield code="a">2 v. ;</subfield><subfield code="c">50-66 cm.</subfield></datafield><datafield ind1=" " ind2=" " tag="310"><subfield code="a">Weekly</subfield></datafield><datafield ind1="0" ind2=" " tag="362"><subfield code="a">Vol. 1, no. 1 (Apr. 15, 1886)-v. 2, no. 42 (Jan. 26, 1888).</subfield></datafield><datafield ind1=" " ind2=" " tag="500"><subfield code="a">Published in Horace, Kan., Sept. 16, 1886-Jan. 26, 1888.</subfield></datafield><datafield ind1=" " ind2=" " tag="500"><subfield code="a">Published by: Charles Lamb, &lt;Aug. 4&gt;-19, 1887; Wible Bros., Sept. 1-22, 1887; A.C. Fulkerson, Sept. 29, 1887-Jan. 26, 1888.</subfield></datafield><datafield ind1=" " ind2=" " tag="752"><subfield code="a">United States</subfield><subfield code="b">Kansas</subfield><subfield code="c">Greeley</subfield><subfield code="d">Greeley Center.</subfield></datafield><datafield ind1=" " ind2=" " tag="752"><subfield code="a">United States</subfield><subfield code="b">Kansas</subfield><subfield code="c">Greeley</subfield><subfield code="d">Horace.</subfield></datafield><datafield ind1="0" ind2="7" tag="785"><subfield code="t">Greeley County news</subfield><subfield code="w">(DLC)sn 84030226</subfield></datafield><datafield ind1="0" ind2="7" tag="785"><subfield code="t">Horace messenger</subfield><subfield code="w">(DLC)sn 84030224</subfield></datafield></record>